@inproceedings{van2001refactoring,
  title={Refactoring test code},
  author={Van Deursen, Arie and Moonen, Leon and van den Bergh, Alex and Kok, Gerard}
}

@misc{erdogmus2010test,
  title={Test-Driven Development.},
  author={Erdogmus, Hakan and Melnik, Grigori and Jeffries, Ron},
  year={2010}
}

@article{lindstrom2004extreme,
  title={Extreme programming and agile software development methodologies},
  author={Lindstrom, Lowell and Jeffries, Ron},
  journal={Information systems management},
  volume={21},
  number={3},
  pages={41--52},
  year={2004},
  publisher={Taylor \& Francis}
}

@inproceedings{laitenberger1998studying,
  title={Studying the effects of code inspection and structural testing on software quality},
  author={Laitenberger, Oliver},
  booktitle={Software Reliability Engineering, 1998. Proceedings. The Ninth International Symposium on},
  pages={237--246},
  year={1998},
  organization={IEEE}
}

@article{binder1996testing,
  title={Testing object-oriented software: a survey},
  author={Binder, Robert V},
  journal={Software Testing, Verification and Reliability},
  volume={6},
  number={3-4},
  pages={125--252},
  year={1996},
  publisher={Wiley Online Library}
}

@article{aggarwal2014acceptance,
  title={Acceptance Test Driven Development},
  author={Aggarwal, Vishal and Singh, Manpreet},
  journal={Journal of Advanced Computing and Communication Technologies (ISSN: 2347-2804) Volume},
  number={2},
  year={2014}
}

@inproceedings{kim2010ref,
  title={Ref-Finder: a refactoring reconstruction tool based on logic query templates},
  author={Kim, Miryung and Gee, Matthew and Loh, Alex and Rachatasumrit, Napol},
  booktitle={Proceedings of the eighteenth ACM SIGSOFT international symposium on Foundations of software engineering},
  pages={371--372},
  year={2010},
  organization={ACM}
}

@article{sliwerski2005changes,
  title={When Do Changes Induce Fixes?},
  author={Sliwerski, Jacek and Zeller, Thomas Zimmermann Andreas},
  journal={Change},
  volume={1},
  number={1.18},
  pages={1--19},
  year={2005}
}

@article{kim2008classifying,
  title={Classifying software changes: Clean or buggy?},
  author={Kim, Sunghun and Whitehead Jr, E James and Zhang, Yi},
  journal={IEEE Transactions on Software Engineering},
  volume={34},
  number={2},
  pages={181--196},
  year={2008},
  publisher={IEEE}
}

@inproceedings{prete2010template,
  title={Template-based reconstruction of complex refactorings},
  author={Prete, Kyle and Rachatasumrit, Napol and Sudan, Nikita and Kim, Miryung},
  booktitle={Software Maintenance (ICSM), 2010 IEEE International Conference on},
  pages={1--10},
  year={2010},
  organization={IEEE}
}
@inproceedings{silva2016we,
  title={Why we refactor? confessions of github contributors},
  author={Silva, Danilo and Tsantalis, Nikolaos and Valente, Marco Tulio},
  booktitle={Proceedings of the 2016 24th ACM SIGSOFT International Symposium on Foundations of Software Engineering},
  pages={858--870},
  year={2016},
  organization={ACM}
}
@inproceedings{sjoberg2012questioning,
  title={Questioning software maintenance metrics: a comparative case study},
  author={Sj{\o}berg, Dag IK and Anda, Bente and Mockus, Audris},
  booktitle={Proceedings of the ACM-IEEE international symposium on Empirical software engineering and measurement},
  pages={107--110},
  year={2012},
  organization={ACM}
}

@article{mens2004survey,
  title={A survey of software refactoring},
  author={Mens, Tom and Tourw{\'e}, Tom},
  journal={IEEE Transactions on software engineering},
  volume={30},
  number={2},
  pages={126--139},
  year={2004},
  publisher={IEEE}
}

@article{subramanyam2003empirical,
  title={Empirical analysis of ck metrics for object-oriented design complexity: Implications for software defects},
  author={Subramanyam, Ramanath and Krishnan, Mayuram S.},
  journal={IEEE Transactions on software engineering},
  volume={29},
  number={4},
  pages={297--310},
  year={2003},
  publisher={IEEE}
}

@inproceedings{heitlager2007practical,
  title={A practical model for measuring maintainability},
  author={Heitlager, Ilja and Kuipers, Tobias and Visser, Joost},
  booktitle={Quality of Information and Communications Technology, 2007. QUATIC 2007. 6th International Conference on the},
  pages={30--39},
  year={2007},
  organization={IEEE}
}
@inproceedings{alves2010deriving,
  title={Deriving metric thresholds from benchmark data},
  author={Alves, Tiago L and Ypma, Christiaan and Visser, Joost},
  booktitle={Software Maintenance (ICSM), 2010 IEEE International Conference on},
  pages={1--10},
  year={2010},
  organization={IEEE}
}
@book{halstead1977elements,
  title={Elements of software science},
  author={Halstead, Maurice Howard},
  volume={7},
  year={1977},
  publisher={Elsevier New York}
}
@article{athanasiou2011constructing,
  title={Constructing a test code quality model and empirically assessing its relation to issue handling performance},
  author={Athanasiou, Dimitrios},
  year={2011}
}

@article{li1993object,
  title={Object-oriented metrics that predict maintainability},
  author={Li, Wei and Henry, Sallie},
  journal={Journal of systems and software},
  volume={23},
  number={2},
  pages={111--122},
  year={1993},
  publisher={Elsevier}
}

@article{baggen2012standardized,
  title={Standardized code quality benchmarking for improving software maintainability},
  author={Baggen, Robert and Correia, Jos{\'e} Pedro and Schill, Katrin and Visser, Joost},
  journal={Software Quality Journal},
  volume={20},
  number={2},
  pages={287--307},
  year={2012},
  publisher={Springer}
}
@inproceedings{zaidman2008mining,
  title={Mining software repositories to study co-evolution of production \& test code},
  author={Zaidman, Andy and Van Rompaey, Bart and Demeyer, Serge and Van Deursen, Arie},
  booktitle={Software Testing, Verification, and Validation, 2008 1st International Conference on},
  pages={220--229},
  year={2008},
  organization={IEEE}
}

@inproceedings{du2004refactoring,
  title={Refactoring-improving coupling and cohesion of existing code},
  author={Du Bois, Bart and Demeyer, Serge and Verelst, Jan},
  booktitle={Reverse Engineering, 2004. Proceedings. 11th Working Conference on},
  pages={144--151},
  year={2004},
  organization={IEEE}
}